%% This BibTeX bibliography file was created using BibDesk.
%% http://bibdesk.sourceforge.net/


%% Created for Navjot Kukreja at 2017-07-11 16:03:22 +0100 


%% Saved with string encoding Unicode (UTF-8) 



@article{griewank2000,
	Author = {Griewank, Andreas and Walther, Andrea},
	Date-Added = {2017-07-11 14:58:12 +0000},
	Date-Modified = {2017-07-11 14:58:59 +0000},
	Journal = {ACM Transactions on Mathematical Software (TOMS)},
	Number = {1},
	Pages = {19--45},
	Publisher = {ACM},
	Title = {Algorithm 799: revolve: an implementation of checkpointing for the reverse or adjoint mode of computational differentiation},
	Volume = {26},
	Year = {2000}}
